<record><leader>00000cas a22000007a 4500</leader><controlfield tag="001">14703809</controlfield><controlfield tag="008">861112d18781909paudr ne      0    0eng d</controlfield><datafield ind1=" " ind2=" " tag="010"><subfield code="a">sn 86083345 </subfield></datafield><datafield ind1=" " ind2=" " tag="040"><subfield code="a">NPH</subfield><subfield code="b">eng</subfield><subfield code="c">NPH</subfield><subfield code="d">OCLCQ</subfield></datafield><datafield ind1=" " ind2=" " tag="042"><subfield code="a">msc</subfield></datafield><datafield ind1="0" ind2="4" tag="245"><subfield code="a">The Wilkes-Barre news.</subfield></datafield><datafield ind1=" " ind2=" " tag="260"><subfield code="a">Wilkes Barre, Pa. :</subfield><subfield code="b">H.R. Whitcraft,</subfield><subfield code="c">-1909.</subfield></datafield><datafield ind1=" " ind2=" " tag="300"><subfield code="a">v. :</subfield><subfield code="b">ill.</subfield></datafield><datafield ind1=" " ind2=" " tag="310"><subfield code="a">Daily</subfield></datafield><datafield ind1="1" ind2=" " tag="362"><subfield code="a">Began in 1878.</subfield></datafield><datafield ind1="0" ind2=" " tag="362"><subfield code="a">-Aug. 28, 1909.</subfield></datafield><datafield ind1=" " ind2=" " tag="500"><subfield code="a">"Established 1878."</subfield></datafield><datafield ind1=" " ind2=" " tag="515"><subfield code="a">Issues for -Aug. 28, 1909 called -32nd yr., and drop vol. numbering.</subfield></datafield><datafield ind1=" " ind2=" " tag="588"><subfield code="a">Description based on: Vol. 25, no. 60 (Aug. 11, 1904).</subfield></datafield><datafield ind1=" " ind2=" " tag="752"><subfield code="a">United States</subfield><subfield code="b">Pennsylvania</subfield><subfield code="c">Luzerne</subfield><subfield code="d">Wilkes-Barre.</subfield></datafield><datafield ind1="0" ind2="0" tag="785"><subfield code="t">Evening news (Wilkes-Barre, Pa.)</subfield><subfield code="w">(DLC)sn 86083344</subfield><subfield code="w">(OCoLC)13400638</subfield></datafield></record>